<collection xmlns="http://www.loc.gov/MARC21/slim">
<record>
  <leader>01082nam0a22002291i 450 </leader>
  <controlfield tag="001">IT\ICCU\CNCE\071163</controlfield>
  <controlfield tag="005">20070625000000.0</controlfield>
  <datafield tag="012" ind1=" " ind2=" ">
    <subfield code="a">e-ui diua ioor seps (C) 1511 (R)</subfield>
    <subfield code="2">fei</subfield>
  </datafield>
  <datafield tag="100" ind1=" " ind2=" ">
    <subfield code="a">20070621d1511        0itac0103    ba</subfield>
  </datafield>
  <datafield tag="101" ind1=" " ind2=" ">
    <subfield code="a">LAT</subfield>
  </datafield>
  <datafield tag="102" ind1=" " ind2=" ">
    <subfield code="a">IT</subfield>
  </datafield>
  <datafield tag="200" ind1="1" ind2=" ">
    <subfield code="a">Capitula concessa a sacra regia maiestate suo fidelissime Sicilie regno in anno 12. indictionis 1509. cum certis alijs capitulis concessis in anno 7. indictionis 1508</subfield>
  </datafield>
  <datafield tag="210" ind1=" " ind2=" ">
    <subfield code="a">\Palermo</subfield>
    <subfield code="c">Anselmo de Benedetti!</subfield>
    <subfield code="e">Impressum felice ciuitate Panhormi</subfield>
    <subfield code="h">1511</subfield>
  </datafield>
  <datafield tag="215" ind1=" " ind2=" ">
    <subfield code="a">\12! c.</subfield>
    <subfield code="d">fol</subfield>
  </datafield>
  <datafield tag="300" ind1=" " ind2=" ">
    <subfield code="a">ANNULLATA !!!!! vedi 57510Marca di De Benedeti sul front. -  Segn.: Áı B́þ. -  Cornice silografica a bordo titolo</subfield>
  </datafield>
  <datafield tag="620" ind1=" " ind2=" ">
    <subfield code="a">IT</subfield>
    <subfield code="d">Palermo</subfield>
  </datafield>
  <datafield tag="710" ind1="0" ind2="2">
    <subfield code="a">Sicilia</subfield>
    <subfield code="c"> &lt;Regno&gt;</subfield>
    <subfield code="3">IT\ICCU\CNCA\006798</subfield>
  </datafield>
  <datafield tag="712" ind1="0" ind2="0">
    <subfield code="a">De_Benedetti, Anselmo</subfield>
    <subfield code="3">IT\ICCU\CNCT\003559</subfield>
    <subfield code="4">650</subfield>
  </datafield>
  <datafield tag="791" ind1="0" ind2="0">
    <subfield code="a">Benedictis, Anselmus de</subfield>
    <subfield code="3">IT\ICCU\CNCT\003728</subfield>
    <subfield code="z">De_Benedetti, Anselmo</subfield>
  </datafield>
  <datafield tag="791" ind1="0" ind2="0">
    <subfield code="a">De_Benedictis, Anselmus</subfield>
    <subfield code="3">IT\ICCU\CNCT\004518</subfield>
    <subfield code="z">De_Benedetti, Anselmo</subfield>
  </datafield>
  <datafield tag="801" ind1=" " ind2="3">
    <subfield code="a">IT</subfield>
    <subfield code="b">ICCU</subfield>
    <subfield code="c">20201115</subfield>
  </datafield>
  <datafield tag="899" ind1=" " ind2=" ">
    <subfield code="a">Biblioteca Riccardiana. Firenze</subfield>
    <subfield code="1">FI0094</subfield>
    <subfield code="2">CFI RF</subfield>
  </datafield>
</record>
</collection>
